
@article{Sabatka2010,
  author = "\v{S}abatka, Z. and Dv\v{o}r√°k, L.",
   title = "Simple verification of the parabolic shape of a rotating liquid and a boat on its surface",
 journal = "Physics Education",
  volume = "45",
  number = "5",
    year = "2010",
   pages = "762--768"
}

@article{Berg1990,
  author = "Berg, R. E.",
   title = "Rotating liquid mirror",
 journal = "American Journal of Physics",
  volume = "58",
  number = "3",
    year = "1990",
   pages = "208--281"
}


@article{Candela2001,
  author = "Candela, D. and Martini, K.M. and Krotkov, R.V. and Langley, K.H.",
   title = "Bessel's improved Kater pendulum in the teaching lab",
 journal = "American Journal of Physics",
  volume = "69",
  number = "6",
    year = "2001",
   pages = "714-720"
}


@misc{LargeZenith,
    title        = "{The Large Zenith Telescope}",
    howpublished = "\url{http://www.astro.ubc.ca/LMT/lzt/index.html}",
}

@misc{IPhO2001,
    author       = "{International Physics Olympiad (IPhO)}",
    title        = "Experimental Competition 2001",
    howpublished = "\\Problem: \url{http://ipho.phy.ntnu.edu.tw/problems-and-solutions/2001/IPhO2001-Exp%20Question(pdf).pdf}
\\Solution: \url{http://ipho.phy.ntnu.edu.tw/problems-and-solutions/2001/IPhO2001-Exp%20Solution(pdf).pdf}",
}


@article{Domin1999,
  author = "Domin, D. S.",
   title = "A Review of Laboratory Instruction Styles",
 journal = "Chemical Educational Research",
  volume = "76",
  number = "4",
    year = "1999",
   pages = "543--547"
}


@article{Hofstein2003,
  author = "Hofstein, A. and Lunetta, V. N.",
   title = "The Laboratory in Science Education: Foundations for the Twenty-First Century",
 journal = "SCience Education",
  volume = "88",
  number = "1",
    year = "2004",
   pages = "28--54"
}


@article{Germann1996,
  author = "Germann, P.J. and Haskins, S. and Auls, S.",
   title = "Analysis of nine high school laboratory manuals: Promoting science inquiry",
 journal = "Journal of Research in Science Teaching",
  volume = "33",
  number = "5",
    year = "1996",
   pages = "475--499"
}


@article{Pickering1987,
  author = "Pickering, M.",
   title = "What goes on in students' heads in lab?",
 journal = "Journal of Chemical Education",
  volume = "64",
  number = "6",
    year = "1987",
   pages = "521--523"
}


@article{Ernst1983,
  author = "Ernst, E.",
   title = "A New Role for the Undergraduate Engineering Laboratory",
 journal = "IEEE Transactions on Education",
  volume = "26",
  number = "2",
    year = "1983",
   pages = "49--51"
}


@article{Shiga2008,
  author = "Shiga, D.",
   title = "Liquid-mirror telescopes are a reality at last",
 journal = "New Scientist",
    year = "2 June 2008",
}


@article{Graumann1998,
  author = "Graumann, H. and Laue,H.",
   title = "Concave liquid-mirror experiments",
 journal = "The Physics Teacher",
  volume = "36",
  number = "1",
    year = "1998",
   pages = "28--31"
}

@article{Wieman2015,
  author = "Wieman, C.",
   title = "Comparative cognitive task analyses of experimental science and instructional laboratory courses",
 journal = "The Physics Teacher",
  volume = "53",
  number = "6",
    year = "2015",
   pages = "349--351"
}
